##############
# MVS
##############
@article{agarwal2011building,
  title={Building rome in a day},
  author={Agarwal, Sameer and Furukawa, Yasutaka and Snavely, Noah and Simon, Ian and Curless, Brian and Seitz, Steven M and Szeliski, Richard},
  journal={Communications of the ACM},
  volume={54},
  number={10},
  pages={105--112},
  year={2011},
  publisher={ACM}
}

@article{Barnes:2009:PAR,
  author = "Connelly Barnes and Eli Shechtman and Adam Finkelstein and Dan B
    Goldman",
  title = "{PatchMatch}: A Randomized Correspondence Algorithm for
    Structural Image Editing",
  journal = "ACM Transactions on Graphics (Proc. SIGGRAPH)",
  year = "2009",
  month = aug,
  volume = "28",
  number = "3"
}

@inproceedings{bleyer2011patchmatch,
  title={PatchMatch Stereo-Stereo Matching with Slanted Support Windows.},
  author={Bleyer, Michael and Rhemann, Christoph and Rother, Carsten},
  booktitle={BMVC},
  volume={11},
  pages={1--11},
  year={2011}
}

@article{esteban2004silhouette,
  title={Silhouette and stereo fusion for 3D object modeling},
  author={Esteban, Carlos Hern{\'a}ndez and Schmitt, Francis},
  journal={Computer Vision and Image Understanding},
  volume={96},
  number={3},
  pages={367--392},
  year={2004},
  publisher={Elsevier}
}

@book{faugeras2002variational,
  title={Variational principles, surface evolution, pde's, level set methods and the stereo problem},
  author={Faugeras, Olivier and Keriven, Renaud},
  year={2002},
  publisher={IEEE}
}

@article{furukawa2010accurate,
  title={Accurate, dense, and robust multiview stereopsis},
  author={Furukawa, Yasutaka and Ponce, Jean},
  journal={IEEE transactions on pattern analysis and machine intelligence},
  volume={32},
  number={8},
  pages={1362--1376},
  year={2010},
  publisher={IEEE}
}

@inproceedings{galliani2015massively,
  title={Massively parallel multiview stereopsis by surface normal diffusion},
  author={Galliani, Silvano and Lasinger, Katrin and Schindler, Konrad},
  booktitle={Proceedings of the IEEE International Conference on Computer Vision},
  pages={873--881},
  year={2015}
}

@inproceedings{goesele2006multi,
  title={Multi-view stereo revisited},
  author={Goesele, Michael and Curless, Brian and Seitz, Steven M},
  booktitle={2006 IEEE Computer Society Conference on Computer Vision and Pattern Recognition (CVPR'06)},
  volume={2},
  pages={2402--2409},
  year={2006},
  organization={IEEE}
}

@inproceedings{hiep2009towards,
  title={Towards high-resolution large-scale multi-view stereo},
  author={Hiep, Vu Hoang and Keriven, Renaud and Labatut, Patrick and Pons, Jean-Philippe},
  booktitle={Computer Vision and Pattern Recognition, 2009. CVPR 2009. IEEE Conference on},
  pages={1430--1437},
  year={2009},
  organization={IEEE}
}

@article{hu2012quantitative,
  title={A quantitative evaluation of confidence measures for stereo vision},
  author={Hu, Xiaoyan and Mordohai, Philippos},
  journal={IEEE Transactions on Pattern Analysis and Machine Intelligence},
  volume={34},
  number={11},
  pages={2121--2133},
  year={2012},
  publisher={IEEE}
}

@article{kutulakos2000theory,
  title={A theory of shape by space carving},
  author={Kutulakos, Kiriakos N and Seitz, Steven M},
  journal={International Journal of Computer Vision},
  volume={38},
  number={3},
  pages={199--218},
  year={2000},
  publisher={Springer}
}

@article{lhuillier2005quasi,
  title={A quasi-dense approach to surface reconstruction from uncalibrated images},
  author={Lhuillier, Maxime and Quan, Long},
  journal={IEEE transactions on pattern analysis and machine intelligence},
  volume={27},
  number={3},
  pages={418--433},
  year={2005},
  publisher={IEEE}
}

@article{otto1989region,
  title={‘Region-growing’algorithm for matching of terrain images},
  author={Otto, G Paul and Chau, Tony KW},
  journal={Image and vision computing},
  volume={7},
  number={2},
  pages={83--94},
  year={1989},
  publisher={Elsevier}
}

@inproceedings{seitz2006comparison,
  title={A comparison and evaluation of multi-view stereo reconstruction algorithms},
  author={Seitz, Steven M and Curless, Brian and Diebel, James and Scharstein, Daniel and Szeliski, Richard},
  booktitle={2006 IEEE Computer Society Conference on Computer Vision and Pattern Recognition (CVPR'06)},
  volume={1},
  pages={519--528},
  year={2006},
  organization={IEEE}
}

@article{vogiatzis2007multiview,
  title={Multiview stereo via volumetric graph-cuts and occlusion robust photo-consistency},
  author={Vogiatzis, George and Esteban, Carlos Hern{\'a}ndez and Torr, Philip HS and Cipolla, Roberto},
  journal={IEEE Transactions on Pattern Analysis and Machine Intelligence},
  volume={29},
  number={12},
  pages={2241--2246},
  year={2007},
  publisher={IEEE}
}

##############
# PS
##############
@inproceedings{alldrin2007toward,
  title={Toward reconstructing surfaces with arbitrary isotropic reflectance: A stratified photometric stereo approach},
  author={Alldrin, Neil G and Kriegman, David J},
  booktitle={2007 IEEE 11th International Conference on Computer Vision},
  pages={1--8},
  year={2007},
  organization={IEEE}
}

@inproceedings{alldrin2008photometric,
  title={Photometric stereo with non-parametric and spatially-varying reflectance},
  author={Alldrin, Neil and Zickler, Todd and Kriegman, David},
  booktitle={Computer Vision and Pattern Recognition, 2008. CVPR 2008. IEEE Conference on},
  pages={1--8},
  year={2008},
  organization={IEEE}
}

@article{barsky20034,
  title={The 4-source photometric stereo technique for three-dimensional surfaces in the presence of highlights and shadows},
  author={Barsky, Svetlana and Petrou, Maria},
  journal={IEEE Transactions on Pattern Analysis and Machine Intelligence},
  volume={25},
  number={10},
  pages={1239--1252},
  year={2003},
  publisher={IEEE}
}

@techreport{Berkiten2016rgbn,
  title={An RGBN Benchmark}
  author={Sema, Berkiten and Rusinkiewicz, Szymon}
  year={2016},
}

@article{coleman1982obtaining,
  title={Obtaining 3-dimensional shape of textured and specular surfaces using four-source photometry},
  author={Coleman, E North and Jain, Ramesh},
  journal={Computer graphics and image processing},
  volume={18},
  number={4},
  pages={309--328},
  year={1982},
  publisher={Elsevier}
}

@article{hertzmann2005example,
  title={Example-based photometric stereo: Shape reconstruction with general, varying brdfs},
  author={Hertzmann, Aaron and Seitz, Steven M},
  journal={IEEE Transactions on Pattern Analysis and Machine Intelligence},
  volume={27},
  number={8},
  pages={1254--1264},
  year={2005},
  publisher={IEEE}
}

@article{ikeuchi1981determining,
  title={Determining surface orientations of specular surfaces by using the photometric stereo method},
  author={Ikeuchi, Katsushi},
  journal={IEEE Transactions on Pattern Analysis and Machine Intelligence},
  number={6},
  pages={661--669},
  year={1981},
  publisher={IEEE}
}

@inproceedings{mallick2005beyond,
  title={Beyond lambert: Reconstructing specular surfaces using color},
  author={Mallick, Satya P and Zickler, Todd E and Kriegman, David J and Belhumeur, Peter N},
  booktitle={2005 IEEE Computer Society Conference on Computer Vision and Pattern Recognition (CVPR'05)},
  volume={2},
  pages={619--626},
  year={2005},
  organization={Ieee}
}

@article{nayar1990determining,
  title={Determining shape and reflectance of hybrid surfaces by photometric sampling},
  author={Nayar, Shree K and Ikeuchi, Katsushi and Kanade, Takeo},
  journal={IEEE Transactions on Robotics and Automation},
  volume={6},
  number={4},
  pages={418--431},
  year={1990},
  publisher={IEEE}
}

@article{sato1994temporal,
  title={Temporal-color space analysis of reflection},
  author={Sato, Yoichi and Ikeuchi, Katsushi},
  journal={JOSA A},
  volume={11},
  number={11},
  pages={2990--3002},
  year={1994},
  publisher={Optical Society of America}
}

@inproceedings{schluns1993photometric,
  title={Photometric stereo for non-Lambertian surfaces using color information},
  author={Schl{\"u}ns, Karsten},
  booktitle={International Conference on Computer Analysis of Images and Patterns},
  pages={444--451},
  year={1993},
  organization={Springer}
}

@inproceedings{tan2007isotropy,
  title={Isotropy, reciprocity and the generalized bas-relief ambiguity},
  author={Tan, Ping and Mallick, Satya P and Quan, Long and Kriegman, David J and Zickler, Todd},
  booktitle={2007 IEEE Conference on Computer Vision and Pattern Recognition},
  pages={1--8},
  year={2007},
  organization={IEEE}
}

@inproceedings{woodham1979photometric,
  title={Photometric stereo: A reflectance map technique for determining surface orientation from image intensity},
  author={Woodham, Robert J},
  booktitle={22nd Annual Technical Symposium},
  pages={136--143},
  year={1979},
  organization={International Society for Optics and Photonics}
}

@article{woodham1980photometric,
  title={Photometric method for determining surface orientation from multiple images},
  author={Woodham, Robert J},
  journal={Optical engineering},
  volume={19},
  number={1},
  pages={191139--191139},
  year={1980},
  publisher={International Society for Optics and Photonics}
}

@article{zickler2002helmholtz,
  title={Helmholtz stereopsis: Exploiting reciprocity for surface reconstruction},
  author={Zickler, Todd E and Belhumeur, Peter N and Kriegman, David J},
  journal={International Journal of Computer Vision},
  volume={49},
  number={2-3},
  pages={215--227},
  year={2002},
  publisher={Springer}
}

##############
# SL, laser
##############
@article{bernardini2002building,
  title={Building a digital model of Michelangelo's Florentine Pieta},
  author={Bernardini, Fausto and Rushmeier, Holly and Martin, Ioana M and Mittleman, Joshua and Taubin, Gabriel},
  journal={IEEE Computer Graphics and Applications},
  volume={22},
  number={1},
  pages={59--67},
  year={2002},
  publisher={IEEE}
}

@article{blais2004review,
  title={Review of 20 years of range sensor development},
  author={Blais, Fran{\c{c}}ois},
  journal={Journal of Electronic Imaging},
  volume={13},
  number={1},
  year={2004}
}

@inproceedings{davis2003spacetime,
  title={Spacetime stereo: A unifying framework for depth from triangulation},
  author={Davis, James and Ramamoorthi, Ravi and Rusinkiewicz, Szymon},
  booktitle={Computer Vision and Pattern Recognition, 2003. Proceedings. 2003 IEEE Computer Society Conference on},
  volume={2},
  pages={II--359},
  year={2003},
  organization={IEEE}
}

@article{geng2011structured,
  title={Structured-light 3D surface imaging: a tutorial},
  author={Geng, Jason},
  journal={Advances in Optics and Photonics},
  volume={3},
  number={2},
  pages={128--160},
  year={2011},
  publisher={Optical Society of America}
}

@online{kinect,
title={Kinect},
url={http://en.wikipedia.org/wiki/Kinect}}

@inproceedings{levoy2000digital,
  title={The digital Michelangelo project: 3D scanning of large statues},
  author={Levoy, Marc and Pulli, Kari and Curless, Brian and Rusinkiewicz, Szymon and Koller, David and Pereira, Lucas and Ginzton, Matt and Anderson, Sean and Davis, James and Ginsberg, Jeremy and others},
  booktitle={Proceedings of the 27th annual conference on Computer graphics and interactive techniques},
  pages={131--144},
  year={2000},
  organization={ACM Press/Addison-Wesley Publishing Co.}
}

@online{Lidar,
title={Lidar},
url={http://en.wikipedia.org/wiki/Lidar}}

@article{salvi2004pattern,
  title={Pattern codification strategies in structured light systems},
  author={Salvi, Joaquim and Pages, Jordi and Batlle, Joan},
  journal={Pattern recognition},
  volume={37},
  number={4},
  pages={827--849},
  year={2004},
  publisher={Elsevier}
}

##############
# Texture
##############
@article{cross1983markov,
  title={Markov random field texture models},
  author={Cross, George R and Jain, Anil K},
  journal={IEEE Transactions on Pattern Analysis and Machine Intelligence},
  number={1},
  pages={25--39},
  year={1983},
  publisher={IEEE}
}

@article{haralick1979statistical,
  title={Statistical and structural approaches to texture},
  author={Haralick, Robert M},
  journal={Proceedings of the IEEE},
  volume={67},
  number={5},
  pages={786--804},
  year={1979},
  publisher={IEEE}
}

@phdthesis{Wei,
    title    = {Texture Synthesis by Fixed Neighborhood Searching},
    school   = {Stanford University},
    author   = {Wei, Liyi},
    year     = {2001},
}

@phdthesis{Zhou2006Tex,
    title    = {Texture Analysis and Synthesis using a Generic Markov-Gibbs Image Model},
    school   = {The University of Auckland},
    author   = {Zhou, Dongxiao},
    year     = {2006},
}

##############
# MISC
##############
@article{bharat2000surface,
  title={Surface Roughness Analysis and Measurement Techniques},
  author={Bharat, B and Bharat, B},
  journal={Modern Tribology Handbook, Two Volume Set},
  year={2000}
}

@online{CAD,
title = {Autodesk},
url = {http://en.wikipedia.org/wiki/Autodesk}
}

@inproceedings{ihrke2010transparent,
  title={Transparent and specular object reconstruction},
  author={Ihrke, Ivo and Kutulakos, Kiriakos N and Lensch, Hendrik and Magnor, Marcus and Heidrich, Wolfgang},
  booktitle={Computer Graphics Forum},
  volume={29},
  number={8},
  pages={2400--2426},
  year={2010},
  organization={Wiley Online Library}
}

@article{marr1982vision,
  title={Vision: A computational investigation into the human representation and processing of visual information},
  author={Marr, David},
  year={1982}
}

@techreport{nayar1989surface,
  title={Surface reflection: physical and geometrical perspectives},
  author={Nayar, Shree K and Ikeuchi, Katsushi and Kanade, Takeo},
  year={1989},
  institution={DTIC Document}
}

@article{poggio1985computational,
  title={Computational vision and regularization theory},
  author={Poggio, Tomaso and Torre, Vincent and Koch, Christof},
  journal={Nature},
  volume={317},
  number={6035},
  pages={314--319},
  year={1985}
}



